<?xml version="1.0" encoding="UTF-8"?>

<marc21:record xmlns:marc21="http://www.loc.gov/MARC21/slim" xmlns:xsi="http://www.w3.org/2001/XMLSchema-instance" xsi:schemaLocation="http://www.loc.gov/MARC21/slim http://www.loc.gov/standards/marcxml/schema/MARC21slim.xsd">
  <marc21:leader>05021nam a22007217a 4500</marc21:leader>
  <marc21:controlfield tag="001">001049437</marc21:controlfield>
  <marc21:controlfield tag="003">CZ BrMZK</marc21:controlfield>
  <marc21:controlfield tag="005">20090220103351.0</marc21:controlfield>
  <marc21:controlfield tag="007">ta</marc21:controlfield>
  <marc21:controlfield tag="008">070516s1657 ne a fr|||||00| ||latod</marc21:controlfield>
  <marc21:datafield tag="040" ind1=" " ind2=" ">
    <marc21:subfield code="a">BOA001</marc21:subfield>
    <marc21:subfield code="b">cze</marc21:subfield>
  </marc21:datafield>
  <marc21:datafield tag="041" ind1="0" ind2=" ">
    <marc21:subfield code="a">lat</marc21:subfield>
    <marc21:subfield code="a">ger</marc21:subfield>
    <marc21:subfield code="a">cze</marc21:subfield>
  </marc21:datafield>
  <marc21:datafield tag="072" ind1=" " ind2="7">
    <marc21:subfield code="a">094</marc21:subfield>
    <marc21:subfield code="x">Staré tisky</marc21:subfield>
    <marc21:subfield code="2">Konspekt</marc21:subfield>
    <marc21:subfield code="9">12</marc21:subfield>
  </marc21:datafield>
  <marc21:datafield tag="080" ind1=" " ind2=" ">
    <marc21:subfield code="a">025.171</marc21:subfield>
    <marc21:subfield code="2">MRF</marc21:subfield>
  </marc21:datafield>
  <marc21:datafield tag="100" ind1="1" ind2=" ">
    <marc21:subfield code="a">Komenský, Jan Amos,</marc21:subfield>
    <marc21:subfield code="d">1592-1670</marc21:subfield>
    <marc21:subfield code="7">jk01061444</marc21:subfield>
    <marc21:subfield code="4">aut</marc21:subfield>
  </marc21:datafield>
  <marc21:datafield tag="245" ind1="1" ind2="0">
    <marc21:subfield code="a">Opera Didactica Omnia :</marc21:subfield>
    <marc21:subfield code="b">Variis hucusque occasionibus scripta, diversisque locis edita: nunc autem non tantum in unum, ut simul sint, collecta, sed &amp; ultimô conatu in Systema unum mechanicè constructum, redacta,</marc21:subfield>
    <marc21:subfield code="p">(Didacticorum Operum Pars Prima. Ea continens, qvae de sanctiore Iuventutis Educatione, melioreqve Scholarum statu, ab Anno 1627 usqve ad 1642 scripta fuere: cum breviter memoratis Occasionibus qvibus eô fuit ventum, subseqvutisqve Eruditorum censuris. Qvorum syllabum seqvens ostendet pagina) /</marc21:subfield>
    <marc21:subfield code="c">J. A. Comenii</marc21:subfield>
  </marc21:datafield>
  <marc21:datafield tag="246" ind1="3" ind2="1">
    <marc21:subfield code="a">Didactica Opera Omnia. Ab Anno 1627 ad 1657 continuata</marc21:subfield>
  </marc21:datafield>
  <marc21:datafield tag="260" ind1=" " ind2=" ">
    <marc21:subfield code="a">Amsterdami :</marc21:subfield>
    <marc21:subfield code="b">Impensis D. Laurentii de Geer, Excuderunt Christophorus Cunradus &amp; Gabriel a Roy,</marc21:subfield>
    <marc21:subfield code="c">1657</marc21:subfield>
  </marc21:datafield>
  <marc21:datafield tag="300" ind1=" " ind2=" ">
    <marc21:subfield code="a">[11], 17 s., sl. 18-196, s. 197-199, sl. 200-249, s. 250-254, sl. 255-302, s. 303-305, sl. 306-317, s. 318-326, sl. 327-346, s. 347-348, sl. 349-482, [1] příl. ;</marc21:subfield>
    <marc21:subfield code="c">2°</marc21:subfield>
  </marc21:datafield>
  <marc21:datafield tag="500" ind1=" " ind2=" ">
    <marc21:subfield code="a">Výzdoba: mědirytinový předtitul (Crisp: de pas: delin: D: Log: fec: s textem: J. A. Comenii Didactica Opera Omnia. Ab Anno 1627 ad 1657. continuata), linky z typografických ozdob jako vlysy, iniciály, viněty, signet Komenského s textem Omnia sponte fluant; Absit violentia Rebus dřevořezem (P. 1.) a mědirytinou, dřevořezová schemata, tisk not (P.3.)</marc21:subfield>
  </marc21:datafield>
  <marc21:datafield tag="505" ind1="0" ind2=" ">
    <marc21:subfield code="a">Přítisk 1, Didacticorum Operum Pars II. Ea comprehendens qvae ab Anno 1642 ad 1650 scripta &amp; edita fuera: cum commemoratis novis iterum eo impellentibus occasionibus, subseqvutisqve Eruditorum censuris. Qvorum Catalogum pagina seqvens ostendet. -- [11] s., 462 sl.</marc21:subfield>
  </marc21:datafield>
  <marc21:datafield tag="505" ind1="0" ind2=" ">
    <marc21:subfield code="a">Přítisk 2, Didacticorum Operum Pars III. Exhibens ea qvae ab Anno 1650 Usqve ad annum 1654 in Hungaria fuerunt acta. Qvorum abacum seqvens pagina. -- 10 s., sl. 11-592, s. 451-454, sl. 455-830, [4] s., s. 831-836, sl. 837-1062, [1] s.</marc21:subfield>
  </marc21:datafield>
  <marc21:datafield tag="505" ind1="0" ind2=" ">
    <marc21:subfield code="a">Přítisk 3, Didacticorum Operum Pars IV. Ea complectens qvae circa hoc argumentum ultimo. Amsterdami, acta sunt. Qvorum syllabum pagina seqvens ostendet. -- 10 s., sl. 11-124</marc21:subfield>
  </marc21:datafield>
  <marc21:datafield tag="510" ind1="4" ind2=" ">
    <marc21:subfield code="a">Knihopis neuvádí</marc21:subfield>
  </marc21:datafield>
  <marc21:datafield tag="510" ind1="4" ind2=" ">
    <marc21:subfield code="a">SDK,</marc21:subfield>
    <marc21:subfield code="c">1</marc21:subfield>
  </marc21:datafield>
  <marc21:datafield tag="510" ind1="4" ind2=" ">
    <marc21:subfield code="a">Dokoupil. Soupis komenian,</marc21:subfield>
    <marc21:subfield code="c">5</marc21:subfield>
  </marc21:datafield>
  <marc21:datafield tag="510" ind1="4" ind2=" ">
    <marc21:subfield code="a">Vobr. Dílo J. A. Komenského,</marc21:subfield>
    <marc21:subfield code="c">6</marc21:subfield>
  </marc21:datafield>
  <marc21:datafield tag="546" ind1=" " ind2=" ">
    <marc21:subfield code="a">V latinském textu též německé věty a odstavce. V P.2. i česky, jednotliva slova sl. 29, 37, 38 41, 48, 57, 58 atd., větší souvislý text sl. 225</marc21:subfield>
  </marc21:datafield>
  <marc21:datafield tag="561" ind1=" " ind2=" ">
    <marc21:subfield code="a">Provenience: Ad Biblioth. J. C. Senckenberg Md. et Physic. Moeno Francofurt. Ord.</marc21:subfield>
  </marc21:datafield>
  <marc21:datafield tag="561" ind1=" " ind2=" ">
    <marc21:subfield code="a">Provenience: (exlibris odstraněné při převazbě) Zacharius Conradus ab Uffenbach</marc21:subfield>
  </marc21:datafield>
  <marc21:datafield tag="563" ind1=" " ind2=" ">
    <marc21:subfield code="a">Polokožená vazba z počátku 20. století</marc21:subfield>
  </marc21:datafield>
  <marc21:datafield tag="648" ind1=" " ind2="7">
    <marc21:subfield code="a">1651-1700</marc21:subfield>
    <marc21:subfield code="2">czenas</marc21:subfield>
  </marc21:datafield>
  <marc21:datafield tag="650" ind1="0" ind2="7">
    <marc21:subfield code="a">historické knihovní fondy</marc21:subfield>
    <marc21:subfield code="2">czenas</marc21:subfield>
  </marc21:datafield>
  <marc21:datafield tag="655" ind1=" " ind2="7">
    <marc21:subfield code="a">staré tisky</marc21:subfield>
    <marc21:subfield code="2">czenas</marc21:subfield>
  </marc21:datafield>
  <marc21:datafield tag="700" ind1="1" ind2=" ">
    <marc21:subfield code="a">Komenský, Jan Amos,</marc21:subfield>
    <marc21:subfield code="d">1592-1670.</marc21:subfield>
    <marc21:subfield code="t">Opera didactica omnia</marc21:subfield>
  </marc21:datafield>
  <marc21:datafield tag="740" ind1="0" ind2="2">
    <marc21:subfield code="a">Didacticorum Operum Pars Prima. Ea continens, qvae de sanctiore Iuventutis Educatione, melioreqve Scholarum statu, ab Anno 1627 usqve ad 1642 scripta fuere: cum breviter memoratis Occasionibus qvibus eô fuit ventum, subseqvutisqve Eruditorum censuris. Qvorum syllabum seqvens ostendet pagina</marc21:subfield>
  </marc21:datafield>
  <marc21:datafield tag="740" ind1="0" ind2="2">
    <marc21:subfield code="a">Didacticorum Operum Pars II. Ea comprehendens qvae ab Anno 1642 ad 1650 scripta &amp; edita fuera: cum commemoratis novis iterum eo impellentibus occasionibus, subseqvutisqve Eruditorum censuris. Qvorum Catalogum pagina seqvens ostendet</marc21:subfield>
  </marc21:datafield>
  <marc21:datafield tag="740" ind1="0" ind2="2">
    <marc21:subfield code="a">Didacticorum Operum Pars III. Exhibens ea qvae ab Anno 1650 Usqve ad annum 1654 in Hungaria fuerunt acta. Qvorum abacum seqvens pagina</marc21:subfield>
  </marc21:datafield>
  <marc21:datafield tag="740" ind1="0" ind2="2">
    <marc21:subfield code="a">Didacticorum Operum Pars IV. Ea complectens qvae circa hoc argumentum ultimo. Amsterdami, acta sunt. Qvorum syllabum pagina seqvens ostendet</marc21:subfield>
  </marc21:datafield>
  <marc21:datafield tag="910" ind1=" " ind2=" ">
    <marc21:subfield code="b">Ks-0023.584,1-4</marc21:subfield>
  </marc21:datafield>
  <marc21:datafield tag="978" ind1=" " ind2=" ">
    <marc21:subfield code="a">Geer</marc21:subfield>
    <marc21:subfield code="b">Laurens de</marc21:subfield>
    <marc21:subfield code="c">Amsterdam</marc21:subfield>
    <marc21:subfield code="f">1657</marc21:subfield>
  </marc21:datafield>
  <marc21:datafield tag="978" ind1=" " ind2=" ">
    <marc21:subfield code="a">Cunradus</marc21:subfield>
    <marc21:subfield code="b">Christoffel</marc21:subfield>
    <marc21:subfield code="c">Amsterdam</marc21:subfield>
    <marc21:subfield code="f">1657</marc21:subfield>
  </marc21:datafield>
  <marc21:datafield tag="978" ind1=" " ind2=" ">
    <marc21:subfield code="a">Roy</marc21:subfield>
    <marc21:subfield code="b">Gabriel</marc21:subfield>
    <marc21:subfield code="c">Amsterdam</marc21:subfield>
    <marc21:subfield code="f">1657</marc21:subfield>
  </marc21:datafield>
  <marc21:datafield tag="984" ind1=" " ind2=" ">
    <marc21:subfield code="a">Amsterdam</marc21:subfield>
    <marc21:subfield code="b">Nizozemsko</marc21:subfield>
  </marc21:datafield>
  <marc21:datafield tag="990" ind1=" " ind2=" ">
    <marc21:subfield code="a">001049437</marc21:subfield>
  </marc21:datafield>
  <marc21:datafield tag="CAT" ind1=" " ind2=" ">
    <marc21:subfield code="a">BARPRE</marc21:subfield>
    <marc21:subfield code="b">50</marc21:subfield>
    <marc21:subfield code="c">20070516</marc21:subfield>
    <marc21:subfield code="l">MZK03</marc21:subfield>
    <marc21:subfield code="h">1538</marc21:subfield>
  </marc21:datafield>
  <marc21:datafield tag="CAT" ind1=" " ind2=" ">
    <marc21:subfield code="a">BARPRE</marc21:subfield>
    <marc21:subfield code="b">50</marc21:subfield>
    <marc21:subfield code="c">20070517</marc21:subfield>
    <marc21:subfield code="l">MZK03</marc21:subfield>
    <marc21:subfield code="h">0816</marc21:subfield>
  </marc21:datafield>
  <marc21:datafield tag="CAT" ind1=" " ind2=" ">
    <marc21:subfield code="a">BARPRE</marc21:subfield>
    <marc21:subfield code="b">50</marc21:subfield>
    <marc21:subfield code="c">20070517</marc21:subfield>
    <marc21:subfield code="l">MZK03</marc21:subfield>
    <marc21:subfield code="h">0819</marc21:subfield>
  </marc21:datafield>
  <marc21:datafield tag="CAT" ind1=" " ind2=" ">
    <marc21:subfield code="a">BARPRE</marc21:subfield>
    <marc21:subfield code="b">50</marc21:subfield>
    <marc21:subfield code="c">20070522</marc21:subfield>
    <marc21:subfield code="l">MZK03</marc21:subfield>
    <marc21:subfield code="h">1133</marc21:subfield>
  </marc21:datafield>
  <marc21:datafield tag="CAT" ind1=" " ind2=" ">
    <marc21:subfield code="a">BARPRE</marc21:subfield>
    <marc21:subfield code="b">50</marc21:subfield>
    <marc21:subfield code="c">20070618</marc21:subfield>
    <marc21:subfield code="l">MZK03</marc21:subfield>
    <marc21:subfield code="h">1333</marc21:subfield>
  </marc21:datafield>
  <marc21:datafield tag="CAT" ind1=" " ind2=" ">
    <marc21:subfield code="a">KUBIZD</marc21:subfield>
    <marc21:subfield code="b">50</marc21:subfield>
    <marc21:subfield code="c">20080129</marc21:subfield>
    <marc21:subfield code="l">MZK03</marc21:subfield>
    <marc21:subfield code="h">1102</marc21:subfield>
  </marc21:datafield>
  <marc21:datafield tag="CAT" ind1=" " ind2=" ">
    <marc21:subfield code="c">20080514</marc21:subfield>
    <marc21:subfield code="l">MZK03</marc21:subfield>
    <marc21:subfield code="h">1635</marc21:subfield>
  </marc21:datafield>
  <marc21:datafield tag="CAT" ind1=" " ind2=" ">
    <marc21:subfield code="c">20080516</marc21:subfield>
    <marc21:subfield code="l">MZK03</marc21:subfield>
    <marc21:subfield code="h">1714</marc21:subfield>
  </marc21:datafield>
  <marc21:datafield tag="CAT" ind1=" " ind2=" ">
    <marc21:subfield code="c">20080930</marc21:subfield>
    <marc21:subfield code="l">MZK03</marc21:subfield>
    <marc21:subfield code="h">1223</marc21:subfield>
  </marc21:datafield>
  <marc21:datafield tag="CAT" ind1=" " ind2=" ">
    <marc21:subfield code="a">BARPRE</marc21:subfield>
    <marc21:subfield code="b">50</marc21:subfield>
    <marc21:subfield code="c">20081202</marc21:subfield>
    <marc21:subfield code="l">MZK03</marc21:subfield>
    <marc21:subfield code="h">1527</marc21:subfield>
  </marc21:datafield>
  <marc21:datafield tag="CAT" ind1=" " ind2=" ">
    <marc21:subfield code="a">MACHJI</marc21:subfield>
    <marc21:subfield code="b">50</marc21:subfield>
    <marc21:subfield code="c">20090217</marc21:subfield>
    <marc21:subfield code="l">MZK03</marc21:subfield>
    <marc21:subfield code="h">1014</marc21:subfield>
  </marc21:datafield>
  <marc21:datafield tag="CAT" ind1=" " ind2=" ">
    <marc21:subfield code="a">MACHJI</marc21:subfield>
    <marc21:subfield code="b">50</marc21:subfield>
    <marc21:subfield code="c">20090217</marc21:subfield>
    <marc21:subfield code="l">MZK03</marc21:subfield>
    <marc21:subfield code="h">1031</marc21:subfield>
  </marc21:datafield>
  <marc21:datafield tag="CAT" ind1=" " ind2=" ">
    <marc21:subfield code="a">ZABKA</marc21:subfield>
    <marc21:subfield code="b">50</marc21:subfield>
    <marc21:subfield code="c">20090220</marc21:subfield>
    <marc21:subfield code="l">MZK03</marc21:subfield>
    <marc21:subfield code="h">1033</marc21:subfield>
  </marc21:datafield>
  <marc21:datafield tag="MNS" ind1=" " ind2=" ">
    <marc21:subfield code="a">20080515</marc21:subfield>
  </marc21:datafield>
  <marc21:datafield tag="PRU" ind1=" " ind2=" ">
    <marc21:subfield code="a">VZST 070516 PB</marc21:subfield>
  </marc21:datafield>
  <marc21:datafield tag="SGG" ind1=" " ind2=" ">
    <marc21:subfield code="a">0023.584</marc21:subfield>
  </marc21:datafield>
  <marc21:datafield tag="SKC" ind1=" " ind2=" ">
    <marc21:subfield code="a">20080514</marc21:subfield>
  </marc21:datafield>
</marc21:record>
